%% This BibTeX bibliography file was created using BibDesk.
%% https://bibdesk.sourceforge.io/

%% Created for hugo at 2024-04-12 11:02:11 +0200 


%% Saved with string encoding Unicode (UTF-8) 


@comment{jabref-meta: databaseType:bibtex;}
@comment{jabref-meta: grouping: 0 AllEntriesGroup:; 1 StaticGroup:Markings\;2\;0\;\;\;\;; 2 StaticGroup:Sjors:3\;2\;1\;\;\;\;; 2 StaticGroup:Sjors:4\;2\;1\;\;\;\;; 2 StaticGroup:[hugo:]\;2\;1\;\;\;\;; }


@techreport{IETF-GeoJSON,
	author = {Butler, H. and Daly, M. and Doyle, A. and Gillies, S. and Schaub, T. and Hagen, S.},
	date-added = {2024-04-19 14:25:30 +0200},
	date-modified = {2024-04-19 14:27:57 +0200},
	institution = {Standard from Internet Engineering Task Force (IETF)},
	number = {RFC 7946},
	title = {{The GeoJSON Format}},
	url = {\url{https://datatracker.ietf.org/doc/html/rfc7946}},
	year = {2016},
	bdsk-url-1 = {https://datatracker.ietf.org/doc/html/rfc7464}}


@misc{OGC-SF,
	author = {OGC},
	date-added = {2024-04-12 11:02:11 +0200},
	date-modified = {2024-04-12 11:02:11 +0200},
	howpublished = {Open Geospatial Consortium inc.},
	keywords = {standards},
	note = {Document 06-103r3},
	title = {{OpenGIS} Implementation Specification for Geographic information---Simple feature access},
	year = {2006}}

@article{Praschl23,
	annote = {https://github.com/FHOOEAIST/geofiles},
	author = {Praschl, Christoph and Krauss, Oliver},
	date-added = {2024-04-12 10:48:24 +0200},
	date-modified = {2024-04-12 10:48:24 +0200},
	journal = {Applied Geomatics},
	keywords = {cityjson; size},
	number = {1},
	pages = {161--180},
	publisher = {Springer},
	title = {Extending {3D} geometric file formats for geospatial applications},
	volume = {16},
	year = {2023},
	bdsk-url-1 = {http://dx.doi.org/10.1007/s12518-023-00543-6}}

@article{19_ogdss_cityjson,
	author = {Hugo Ledoux and Ken Arroyo Ohori and Kavisha Kumar and Bal{\'{a}}zs Dukai and Anna Labetski and Stelios Vitalis},
	date-added = {2020-03-03 14:55:20 +0100},
	date-modified = {2020-03-03 14:55:20 +0100},
	doi = {10.1186/s40965-019-0064-0},
	journal = {Open Geospatial Data, Software and Standards},
	number = {4},
	oa = {true},
	timestamp = {2019.06.17},
	title = {{CityJSON}: a compact and easy-to-use encoding of the {CityGML} data model},
	volume = {4},
	year = {2019},
	bdsk-url-1 = {http://dx.doi.org/10.1186/s40965-019-0064-0}}

@techreport{IETF-GeoJSONSeq,
	author = {Gillies, Sean},
	date-added = {2024-02-06 08:00:57 +0100},
	date-modified = {2024-02-06 08:01:49 +0100},
	institution = {Standard from Internet Engineering Task Force (IETF)},
	number = {RFC 8142},
	title = {{GeoJSON Text Sequences}},
	url = {\url{https://datatracker.ietf.org/doc/html/rfc8142}},
	year = {2017},
	bdsk-url-1 = {https://datatracker.ietf.org/doc/html/rfc7464}}

@techreport{IETF-JSON,
	author = {Bray, Tim},
	date-added = {2024-02-06 09:56:41 +0100},
	date-modified = {2024-02-06 09:58:17 +0100},
	institution = {Standard from Internet Engineering Task Force (IETF)},
	number = {RFC 8259},
	title = {The JavaScript Object Notation ({JSON}) Data Interchange Format},
	url = {\url{https://datatracker.ietf.org/doc/html/rfc8259}},
	year = {2017},
	bdsk-url-1 = {https://datatracker.ietf.org/doc/html/rfc7464}}

@techreport{IETF-JSONSeq,
	author = {Williams, Nicol'as},
	date-added = {2024-02-06 07:54:39 +0100},
	date-modified = {2024-02-06 07:59:32 +0100},
	institution = {Standard from Internet Engineering Task Force (IETF)},
	number = {RFC 7464},
	title = {{JavaScript Object Notation (JSON) Text Sequences}},
	url = {\url{https://datatracker.ietf.org/doc/html/rfc7464}},
	year = {2015},
	bdsk-url-1 = {https://datatracker.ietf.org/doc/html/rfc7464}}

@inproceedings{Isenburg03,
	author = {M. {Isenburg} and P. {Lindstrom} and S. {Gumhold} and J. {Snoeyink}},
	booktitle = {IEEE Visualization, 2003. VIS 2003.},
	date-added = {2020-11-23 10:34:26 +0100},
	date-modified = {2020-11-23 10:34:48 +0100},
	doi = {10.1109/VISUAL.2003.1250408},
	pages = {465--472},
	title = {Large mesh simplification using processing sequences},
	year = {2003},
	bdsk-url-1 = {https://doi.org/10.1109/VISUAL.2003.1250408}}

@inproceedings{Isenburg06-1,
	address = {M{\"u}nster, Germany},
	annote = {"Streaming algorithms can succeed only if streams have sufficient spatial coherence---a correlation between the proximity in space of geometric entities and the proxmity of their representations in the stream"},
	author = {Isenburg, Martin and Liu, Yuanxin and Shewchuk, Jonathan Richard and Snoeyink, Jack and Thirion, Tim},
	booktitle = {Geographic Information Science---GIScience 2006},
	date-modified = {2017-11-12 15:15:24 +0000},
	keywords = {large datasets},
	pages = {186--198},
	series = {Lecture Notes in Computer Science},
	title = {Generating Raster {DEM} from Mass Points Via {TIN} Streaming},
	volume = {4197},
	year = {2006}}

@misc{OGC-CityGML3,
	author = {OGC},
	date-modified = {2023-05-01 10:44:07 +0200},
	howpublished = {Open Geospatial Consortium inc.},
	note = {Document 20-010, version 3.0.0, available at \url{https://docs.ogc.org/is/20-010/20-010.html}},
	title = {{OGC City Geography Markup Language (CityGML) Part 1: Conceptual Model Standard}},
	year = {2021}}

@misc{OGC-CityGML3-XML,
	author = {OGC},
	date-added = {2023-05-01 10:59:35 +0200},
	date-modified = {2024-02-12 09:09:17 +0100},
	howpublished = {Open Geospatial Consortium inc.},
	note = {Document 21-006r2, version 3.0},
	title = {{OGC City Geography Markup Language (CityGML) Part 2: GML Encoding Standard}},
	year = {2023}}

@misc{OGC-CityJSON-v10,
	author = {OGC},
	date-added = {2023-05-01 10:42:18 +0200},
	date-modified = {2023-05-01 11:00:39 +0200},
	howpublished = {Open Geospatial Consortium inc.},
	note = {Document 20-072r2, version 1.0},
	title = {{CityJSON Community Standard 1.0}},
	year = {2021}}

@misc{OGC-CityJSON-v20,
	author = {OGC},
	date-added = {2024-02-12 09:10:01 +0100},
	date-modified = {2024-02-12 09:10:47 +0100},
	howpublished = {Open Geospatial Consortium inc.},
	note = {Document 20-072r5, version 2.0},
	title = {{CityJSON Community Standard 2.0}},
	year = {2023}}
